1856 2708
302 94 356 133 46

368 499 442 535 He.

318 649 350 673 20
368 638 441 674 Er.

367 1057 439 1093 Er.

317 1207 349 1232 25
367 1196 442 1233 He.

367 1406 440 1443 Er.

316 1627 349 1651 30

368 1685 443 1722 He.

368 1896 440 1932 Er.

317 2045 351 2070 35

914 103 1093 135 PLAVTI
1449 97 1527 144 [IV.
1545 103 1574 134 2.
1596 103 1700 135 17-39

475 200 651 256 Vmerus
673 217 801 256 aries:
833 217 920 256 tum
947 230 1051 266 genu
1079 217 1131 256 ad
1155 229 1358 267 quemque
1379 217 1522 265 iecere,
1545 216 1597 255 ad
1623 220 1700 254 ter-

581 287 667 325 rani
690 287 806 326 dabo.

474 357 716 406 Dentilegos
747 357 887 396 omnes
917 357 1110 395 mortales
1146 356 1310 405 faciam,
1342 368 1546 407 quemque
1576 355 1700 394 offen-

581 427 687 465 dero.

477 497 646 549 [Aside]
670 497 782 542 Quae
810 496 930 535 illaec
952 497 1191 535 eminatiost
1217 509 1313 535 nam
1329 498 1349 535 ?
1379 497 1538 546 nequeo
1558 495 1701 534 mirari

595 567 708 605 satis.

476 636 653 684 Faciam,
675 640 722 674 ut
751 637 876 675 huius
901 636 984 675 diei
1008 637 1170 686 locique
1190 636 1354 686 meique
1381 648 1543 686 semper
1562 635 1702 674 memi-

580 707 710 744 nerit:
1645 714 1702 743 800

474 776 554 821 Qui
582 776 685 814 mihi
714 781 758 813 ῑ11
782 788 916 825 cursu,
938 776 1149 826 opstiterit
1175 776 1274 813 faxo
1294 775 1405 814 uitae
1432 776 1466 814 is
1491 776 1701 826 extemple

582 858 690 885 suae.

438 946 443 953 .
479 915 646 968 [Aside]
672 915 781 962 Quid
810 916 877 954 hic
897 916 1019 953 homo
1039 919 1202 953 tantum
1224 915 1433 965 incipissit
1452 915 1588 953 facere
1608 927 1701 953 cum

567 985 698 1024 tantis
718 986 843 1024 minis
862 987 881 1024 ?

474 1055 595 1093 Prius
617 1055 743 1104 edico,
765 1055 913 1105 nequis
934 1058 1104 1105 propter
1125 1054 1290 1105 culpam
1310 1054 1498 1105 capiatur
1521 1067 1649 1104 suam,

475 1125 694 1164 Centinete
715 1125 788 1163 ues
809 1125 933 1173 domi,
956 1125 1171 1175 prohibete
1193 1137 1217 1163 a
1236 1125 1353 1163 uobis
1375 1124 1460 1162 uim
1481 1137 1624 1162 meam.

477 1195 646 1247 [Aside]
673 1194 783 1233 Mira
802 1195 947 1245 edepol
976 1199 1073 1233 sunt
1093 1194 1137 1232 ni
1165 1195 1232 1233 hic
1251 1199 1296 1232 in
1316 1199 1504 1233 uentrem
1525 1193 1703 1245 sumpsit

566 1265 869 1303 confidentiam.
1646 1273 1703 1301 805
1758 1280 1770 1284 ’
1788 1275 1810 1279 ’·

472 1335 561 1374 Vae
582 1335 730 1373 misero
751 1334 827 1383 illi,
850 1334 997 1384 quoius
1018 1334 1107 1373 cibo
1128 1335 1207 1373 iste
1228 1334 1386 1373 factust
1405 1334 1686 1384 imperiosior!

473 1404 579 1443 Tum
600 1405 778 1455 pistores
799 1404 1035 1455 screfipasci
1057 1394 1130 1454 qui
1157 1405 1275 1442 alunt
1295 1403 1528 1443 furfuribus
1550 1416 1656 1453 sues,

474 1475 654 1520 Quarum
676 1475 799 1513 odore
820 1474 1045 1524 praeterire
1067 1475 1186 1512 nemo
1206 1473 1431 1524 pistrinum
1451 1478 1610 1524 potest:

473 1545 626 1583 Eerum
649 1545 683 1583 si
705 1543 979 1595 quoiusquam
995 1545 1171 1583 scrofam
1190 1544 1233 1582 in
1256 1544 1420 1594 publico
1436 1544 1700 1594 conspexero,

473 1603 540 1652 Ex
560 1615 662 1664 ipsis
684 1613 863 1653 dominis
885 1614 988 1653 meis
1008 1614 1159 1664 pugnis
1182 1614 1403 1652 exculcabo
1423 1612 1620 1652 furfures.
1645 1622 1703 1651 810

477 1684 646 1737 [Aside]
670 1684 871 1722 Basilicas
893 1684 1119 1722 edictiones
1141 1684 1266 1733 atque
1292 1683 1536 1734 imperiosas
1563 1683 1699 1722 habet.

475 1754 598 1792 Satur
637 1754 811 1802 homost,
845 1754 972 1793 habet
1009 1754 1197 1804 profecto
1234 1753 1278 1791 in
1315 1753 1461 1792 uentre
1499 1753 1702 1792 confiden-

581 1824 695 1862 tiam.

474 1894 578 1932 Tum
599 1894 824 1944 piscatores
846 1894 917 1944 qui
937 1894 1137 1944 praebent
1156 1893 1310 1944 pepulo
1330 1893 1463 1944 pisces
1484 1893 1677 1942 foetidos,

475 1964 554 2010 Qui
574 1964 838 2002 aduehuntur
859 1963 1195 2014 quadrupedanti
1215 1962 1417 2002 crucianti
1439 1963 1665 2012 cantherio,

475 2034 656 2080 Querum
678 2034 775 2073 odos
798 2033 1125 2073 subbasilicanos
1146 2034 1287 2072 emnes
1309 2033 1440 2082 abigit
1460 2032 1503 2070 in
1523 2033 1682 2071 forum:

474 2103 548 2142 Eis
569 2116 643 2153 ego
664 2116 734 2142 ora
754 2104 980 2142 uerberabo
1001 2103 1223 2154 surpiculis
1243 2087 1487 2153 piscari?
1646 2111 1704 2141 816

476 2160 533 2212 Vt
552 2173 686 2212 sciant
709 2173 844 2212 alieno
864 2186 964 2212 naso
984 2186 1107 2224 quam
1130 2173 1354 2212 exhibeant
1373 2172 1620 2211 molestiam.

475 2242 581 2281 Tum
602 2243 705 2281 lanii
725 2247 863 2281 autem
885 2243 956 2293 qui
976 2243 1225 2281 concinnant
1244 2242 1386 2281 liberis
1407 2243 1526 2281 orbas
1547 2254 1657 2291 oues,

475 2312 555 2358 Qui
599 2312 737 2350 locant
780 2312 1015 2357 caedundos
1054 2325 1181 2362 agnos
1220 2312 1261 2350 et
1299 2311 1469 2363 duplam
1508 2311 1702 2361 agninam

582 2382 753 2428 danunu
