1856 2708
177 109 206 142 1.
221 110 252 142 2.
269 107 395 151 20-43]
775 106 986 139 CAPTIVI.
1551 101 1576 140 9

176 234 211 261 20
231 223 304 262 Er.
340 221 422 274 [To
442 222 610 270 himself,
632 222 698 259 buc
718 222 932 269 purposely
951 222 1045 257 Iowl
1065 221 1213 270 (ἰιοιιςχῖι
1237 227 1273 258 to
1293 227 1433 259 actv-avt
1460 227 1579 259 atten-

235 643 312 681 He.

235 713 308 751 Er.

239 1133 315 1171 He.

239 1203 312 1241 E'r.

186 1284 220 1311 80
240 1273 318 1312 He.

241 1343 315 1381 Er.

243 1483 319 1521 He.

243 1623 317 1661 Er.

247 1903 323 1942 He.

248 2044 321 2082 Er.

196 2195 230 2221 40

253 2324 318 2362 He

444 292 547 344 tion]
573 291 750 340 Aegre'st
778 291 833 328 ini
860 291 969 328 hune
994 291 1129 328 faeere
1159 291 1377 340 quaestum
1406 292 1580 330 carce-rzi-

447 361 553 399 rium

338 432 515 482 Propter
534 431 598 470 sui
619 430 733 480 gnati
754 430 962 469 miseriam
984 429 1179 468 miserum
1201 442 1351 468 senem.
1528 438 1582 467 130

340 501 423 541 Sed
443 501 478 540 si
498 500 585 539 {illo
606 506 725 551 pacto
746 500 817 538 ille
838 499 917 538 huo
938 500 1151 538 coneiliari
1172 504 1320 550 potest,

340 571 419 611 Vel
440 570 735 610 carnuficinam
756 570 865 608 hunc
887 570 1022 609 faeere
1044 582 1207 620 possum
1231 568 1403 620 perpeti.

343 629 444 688 Quis
465 641 532 679 1110
553 640 738 690 loquitur
751 641 771 678 ¹?

827 710 927 759 Ego,
946 709 1016 760 qui
1038 709 1109 748 tuo
1130 721 1311 748 maerore
1332 709 1524 758 maceror,

342 781 542 829 Maeeseo‚
564 780 810 820 consenesco
831 784 872 818 et
891 780 1057 819 tabesco
1078 779 1212 817 miser.

344 851 449 890 Ossa
467 851 592 901 atque
614 850 735 901 pellis
757 849 847 889 sum
868 850 1020 888 misera
1039 848 1325 896 macritudine,
1530 857 1586 886 135

342 922 491 972 Neque
530 920 727 972 {unquam
768 919 989 970 quiequam
1029 919 1094 958 me
1134 919 1251 958 iuuat
1292 919 1401 969 quod
1439 919 1514 957 edo
1534 943 1586 948 —

453 991 600 1044 (asido)
624 991 756 1030 domi:

345 1061 464 1100 Foris
485 1061 796 1112 aliquantillum
817 1060 941 1099 etiam
963 1059 1074 1110 quod.
1095 1062 1216 1109 gusto
1236 1058 1279 1097 id
1299 1059 1404 1097 beat.

346 1131 547 1180 Ergasile,
569 1131 694 1170 salue.

595 1201 826 1253 [Bt-ealcinq
846 1200 981 1253 down]
1004 1198 1060 1237 Di
1079 1203 1119 1237 te
1140 1199 1242 1237 bene
1263 1202 1414 1248 ament,
1432 1198 1585 1248 Hegio!

347 1272 414 1310 Ne
434 1271 499 1310 fle.

561 1341 702 1390 Egone
723 1340 842 1378 illum
863 1340 945 1378 non
966 1339 1085 1378 fleam
1101 1341 1121 1378 ?
1151 1351 1256 1389 egon
1276 1351 1359 1377 non
1379 1338 1550 1378 defleam

349 1411 494 1450 Talem
514 1411 821 1450 adulescentem
836 1411 856 1447 ‘?

916 1479 1084 1530 Selmper
1104 1478 1214 1518 sensi
1235 1478 1329 1516 fssio
1535 1486 1591 1514 140

350 1553 445 1590 Meo
463 1555 505 1590 te
525 1551 615 1590 esse
635 1551 813 1590 amioum
834 1553 876 1589 et
896 1549 1015 1588 illum
1036 1548 1227 1587 intellexi
1246 1548 1334 1587 tibi.

350 1623 457 1660 Tum
478 1621 656 1672 denique
676 1620 865 1659 homines
885 1621 1029 1659 n6st1·a
1047 1617 1330 1668 intellegimus
1351 1618 1469 1666 bona,

350 1691 482 1738 Quom
502 1704 608 1742 quae
628 1691 671 1729 in
691 1694 898 1742 potestate
919 1689 1139 1728 habuimus
1161 1700 1209 1727 ea
1228 1688 1452 1727 amisimus.

350 1763 439 1812 Ego
459 1763 680 1813 postquam
701 1765 850 1812 gnatus
870 1761 963 1799 tuos
985 1759 1162 1810 potitust
1181 1759 1377 1807 hostium,

352 1833 562 1883 Expertus
584 1831 730 1882 quanti
751 1830 892 1879 fuerit,
913 1842 1022 1868 nune
1042 1829 1242 1869 desidero.
1536 1836 1591 1864 145

357 1902 531 1942 Alienus
552 1915 675 1953 quom
696 1902 785 1940 eius
806 1900 1111 1939 incommodum
1132 1903 1218 1938 tam
1238 1898 1358 1947 aegre
1378 1897 1501 1946 feras,

353 1972 463 2018 Quid
482 1972 548 2010 mel
568 1975 726 2022 pati-em
749 1984 823 2022 par
843 1971 1022 2009 faeerest
1042 1969 1139 2020 quoi
1159 1969 1274 2007 illest
1294 1967 1438 2006 unicus
1454 1970 1474 2006 ἱ)

356 2042 492 2094 [With
507 2055 562 2081 an
578 2043 738 2092 injured
751 2042 837 2094 air]
860 2040 1035 2079 Alienus
1051 2040 1070 2078 ?
1099 2052 1172 2089 ego
1188 2038 1347 2077 alie'nus
1367 2037 1464 2076 illi?
1501 2037 1592 2086 aha,

462 2112 612 2162 Hegio,

354 2183 595 2233 Numquam
616 2182 724 2221 istuc
744 2181 854 2220 dixis
874 2181 1006 2231 neque
1027 2179 1210 2232 animum
1232 2177 1401 2216 induxis
1421 2181 1547 2216 tuom.

357 2253 454 2292 Tibi
471 2252 544 2291 ille
565 2251 743 2301 unicust,
765 2251 822 2289 ini
843 2251 968 2289 etiam
989 2248 1110 2288 {mico
1130 2249 1260 2297 magis
1281 2247 1438 2286 unicus.
1541 2253 1595 2283 150

321 2353 328 2361 .
360 2323 516 2370 Laudo,
537 2323 693 2361 malum
713 2333 837 2372 quoin
857 2320 978 2359 amici
998 2323 1110 2358 tuom
1132 2317 1248 2357 ducis
1269 2317 1434 2356 malum.

360 2393 483 2432 Nunc
504 2392 609 2431 habe
628 2392 781 2430 bonum
801 2390 996 2430 animum.
1023 2389 1029 2442 Ι
