1856 2708
154 128 216 161 1v.
233 130 264 161 2.
284 128 450 171 103-118]
744 128 951 160 cAvrlvr.
1494 124 1546 165 51

218 243 292 281 He.

220 313 292 351 Er.

220 383 295 421 He.

218 453 291 491 Er.

218 522 293 560 He.

217 592 290 630 Er.

218 662 293 700 He.

217 732 291 769 Er.

150 812 201 838 105

217 871 293 909 He.

217 941 289 979 Er.

216 1150 291 1188 He.

149 1441 197 1467 110
215 1430 291 1468 He.

215 1501 292 1538 Er.

214 1569 290 1607 He.

213 1709 287 1747 Er.

213 1989 290 2028 He.

147 2069 197 2096 115

216 2129 289 2167 E'r.

213 2269 289 2307 He.

213 2408 290 2446 He.

986 242 1113 281 venit
1126 243 1146 280 ?

1206 314 1281 352 Ναὶ
1301 315 1369 353 τὰν
1391 315 1543 366 Σιγνίαν.

329 382 481 422 Certon
493 382 514 420 ?

500 453 576 490 Ναὶ
595 453 662 492 τὰν
680 455 925 503 Φρουσινῶνα.

933 521 1040 561 Vide
1059 521 1140 562 sis!

1156 593 1230 631 Ναὶ
1250 595 1316 632 τὰν
1336 594 1545 644 Ἀλάτριον.

325 660 432 707 Quid
451 664 498 699 tu
519 672 592 711 per
611 660 846 700 barbaricas
866 661 988 700 urbes
1010 660 1120 700 iuras
1135 663 1155 699 ?

1003 730 1111 776 Quia
1130 731 1240 769 enim
1261 731 1360 769 item
1380 732 1546 782 asperae

325 799 431 839 Sunt
450 804 498 839 ut
518 803 631 838 tuom
652 800 810 838 uictum
831 799 1075 839 autumabas
1097 801 1195 839 e'sse.

1099 871 1186 909 Vae
1207 870 1334 909 aetati
1353 873 1469 909 tuae!
1492 880 1548 908 535

321 939 484 991 Quippe
505 940 670 990 quando
691 939 794 978 mihi
815 940 876 978 nil
896 940 1043 988 credis,
1061 940 1171 990 quod
1191 952 1266 989 ego
1283 941 1374 979 dico
1391 941 1543 979 sedulo.

322 1010 403 1049 Sed
428 1010 664 1061 Stalagmus
685 1009 834 1061 quoius
855 1014 944 1049 erat
970 1015 1069 1049 tunc
1090 1010 1283 1059 nationis,
1305 1023 1427 1061 quom
1451 1011 1546 1049 hine

429 1079 517 1118 abit
530 1081 551 1118 ’.Ρ

325 1148 499 1189 Siculus.

500 1220 560 1258 At
590 1231 699 1258 nune
731 1219 894 1259 Siculus
925 1232 1008 1258 non
1039 1224 1123 1259 est:
1156 1219 1282 1258 B6ius
1309 1224 1383 1267 est,
1412 1219 1544 1258 boiam

627 1289 748 1328 terit:

321 1358 564 1398 Liberorum
581 1360 914 1410 quaerundorum
935 1359 1057 1398 eausa
1074 1360 1112 1398 ei
1132 1359 1253 1397 eredo
1269 1360 1372 1397 uxor
1393 1359 1542 1397 datast.

323 1429 414 1478 Die,
435 1429 571 1468 bonan
590 1429 673 1468 fidei
693 1434 740 1468 tu
760 1429 818 1467 mi
838 1429 967 1468 istaec
986 1430 1114 1468 ue'rba
1134 1429 1314 1468 dixisti?

1341 1499 1466 1538 Bona.
1489 1508 1546 1536 890

321 1568 376 1607 Di
406 1568 659 1619 inmortales,
690 1569 842 1608 iterum
873 1575 1022 1620 gnatus
1052 1569 1206 1618 uideor,
1237 1569 1273 1608 si
1303 1581 1402 1607 uera
1431 1568 1546 1607 autu-

413 1651 512 1678 mas.

322 1707 408 1747 Ain
440 1712 487 1747 tu
501 1710 521 1747 ?
562 1708 734 1748 dubium
767 1707 951 1757 habebis,
982 1708 1108 1747 etiam
1139 1708 1280 1747 sancte
1313 1720 1436 1757 quom
1471 1720 1544 1757 ego

428 1778 560 1817 mmm
579 1769 695 1817 tibi?

318 1849 548 1897 Postremo,
569 1848 718 1899 Hegio,
741 1848 777 1888 si
798 1860 928 1899 parua
946 1847 1026 1886 iuri
1047 1847 1262 1886 iurandost
1281 1846 1397 1895 fides,

320 1917 421 1958 Vise
440 1919 493 1957 ad
512 1922 690 1969 portum.

481 1989 633 2027 Facere
653 1993 875 2028 certumst:
900 1992 945 2027 tu
965 1987 1077 2027 intus
1097 1999 1196 2026 eura
1215 1986 1325 2037 quod
1345 1998 1447 2036 opus
1467 1990 1540 2024 est.

321 2057 457 2107 Sume,
477 2070 611 2109 posce,
633 2060 774 2109 prome
795 2058 984 2108 quiduis:
1016 2057 1057 2096 te
1078 2057 1186 2096 facio
1204 2055 1427 2095 cellarium.
1488 2065 1544 2092 895

321 2128 432 2167 Nam
458 2127 597 2167 hercle
622 2128 705 2168 nisi
734 2127 1053 2167 mantiscinatus
1083 2127 1207 2177 probe
1227 2138 1307 2174 ero,
1329 2125 1432 2164 fusti
1457 2125 1544 2176 pe'e-

426 2198 515 2237 tito.

320 2268 550 2329 &eternum
571 2267 650 2306 tibi
669 2267 876 2318 dapinabo
896 2266 1065 2315 uictum,
1088 2266 1122 2305 si
1143 2278 1242 2304 uera
1261 2264 1463 2304 autumas.

280 2368 288 2376 .
321 2337 442 2376 Vnde
462 2337 506 2375 id
521 2339 541 2376 ἱ)

590 2407 628 2444 Α
650 2419 713 2445 me
734 2407 905 2456 meoque
930 2409 1064 2454 gnato.
