1856 2708
159 120 205 154 u
220 121 253 154 2.
268 120 396 164 28-45]
750 121 959 154 CAPTIVI.
1498 118 1550 159 17

331 233 448 280 Quod
469 246 599 283 genus
619 233 683 272 illi
705 239 768 274 est
789 233 915 273 {mum
937 235 1098 286 pollens
1126 237 1250 287 atque
1278 237 1554 277 honoratissu-

373 311 376 315 '
438 316 560 342 mum.

223 374 302 413 He.
332 373 441 420 Quid
459 378 577 424 Ipsus
597 373 666 413 hio
680 375 700 412 ⁴?
731 387 812 425 quo
831 374 1027 413 honorest
1047 375 1134 413 illic
1151 378 1170 414 ἵ)

225 445 300 482 ΡΙι.
844 444 1011 484 summo
1032 450 1156 495 atque
1177 447 1227 484 ab
1249 446 1420 486 summis
1441 447 1552 486 uiris.

173 525 208 552 80
224 515 300 554 He.
331 514 437 553 Tum
459 513 599 563 igitur,
621 514 658 553 ei
679 527 800 565 quom
824 514 867 552 iu
887 503 1010 554 [Ueis
1030 519 1150 554 tauta
1172 516 1345 566 gratiast
1372 521 1417 555 ut
1446 518 1554 568 prae·

191 590 205 598 '
438 584 563 633 dieas,
1500 596 1557 624 2230

331 653 441 700 Quid
461 654 635 693 diuitiae
650 656 670 693 ?
701 653 852 693 suntne
872 655 1033 705 opimae
1048 657 1067 694 ‘?

225 725 299 762 Ph.
894 725 1014 764 Vnde
1036 726 1237 775 excoquat
1256 725 1398 765 sebum
1419 739 1553 765 senex.

225 795 303 833 He.
333 793 442 841 Quid
462 798 580 846 pater
597 796 618 834 ?
646 794 808 833 uiuitne
823 795 843 833 ?

225 865 299 904 Ph.
734 865 886 903 Viuom
907 878 1029 915 quom
1051 865 1147 904 inde
1168 866 1327 905 abimus
1348 865 1556 916 liquimus.

332 934 455 974 Nune
484 935 655 974 uiuatne
682 935 823 983 neone,
845 935 889 973 id
909 936 1059 974 Orcum
1081 935 1184 974 seire
1206 940 1368 985 oportet
1389 935 1556 974 scilicet.

233 1006 302 1056 Ty.
339 1004 508 1058 [Aside]
542 1005 667 1044 Szilua
695 1017 760 1044 res
790 1009 876 1044 est:
916 1005 1236 1056 philosophatur
1269 1007 1430 1056 quoque
1464 1006 1558 1054 iam,

440 1087 522 1114 non
543 1075 722 1114 mendax
742 1075 915 1114 modost.

177 1157 212 1184 85
227 1146 304 1185 He.
334 1144 445 1192 Quid
463 1149 552 1184 erat
571 1145 610 1184 ei
629 1145 779 1184 nomen
794 1146 814 1183 ?

232 1217 303 1255 Ph.
765 1214 1481 1270 Thensaurochrysoniooohrjsides.
1505 1224 1561 1253 285

228 1287 305 1326 He.
336 1285 546 1325 Videlicet
565 1285 735 1336 propter
755 1285 926 1324 diuitias
943 1285 1122 1324 inditum
1139 1286 1183 1323 id
1198 1286 1346 1324 nome'n
1363 1286 1525 1335 quasist
1539 1288 1558 1325 ἵ)

229 1357 303 1395 Ph.
334 1343 468 1395 immo
501 1355 648 1406 edepol
677 1357 846 1406 propter
875 1355 1096 1394 auaritiam
1131 1355 1262 1406 ipsius
1291 1360 1414 1406 atque
1444 1356 1563 1394 auda-

442 1438 559 1465 eiam.

336 1496 446 1535 Nam
497 1495 570 1534 ssle
616 1495 784 1546 quidem
832 1495 1193 1535 Theodoromedes
1239 1495 1324 1534 fuit
1370 1508 1562 1545 germano

444 1566 622 1605 nomine.

231 1637 307 1676 He.
337 1635 448 1683 Quid
466 1639 514 1675 tu
533 1637 595 1675 ais
610 1637 630 1675 ‘?
658 1635 838 1675 tenaxne
858 1639 976 1686 pater
996 1640 1060 1674 est
1080 1634 1167 1674 eius
1183 1637 1203 1674 ?

231 1708 304 1745 Ph.
1041 1706 1174 1743 Immo
1194 1705 1337 1755 edepol
1359 1704 1560 1755 pertinax.

180 1788 214 1814 40
337 1775 447 1823 Quin
475 1776 600 1815 etiam
631 1780 684 1814 ut'
707 1780 839 1825 magis
868 1775 1025 1824 noscas,
1047 1775 1168 1824 genio
1198 1774 1270 1814 suo
1299 1775 1370 1813 ubi
1400 1775 1565 1825 quando

425 1846 676 1895 ‘sacrufioa‘a
1507 1852 1565 1881 200

339 1904 415 1955 Ad
433 1928 521 1955 rem
541 1916 726 1955 diuinam
750 1915 900 1966 quibus
921 1919 985 1955 est
1004 1920 1108 1966 opus
1125 1915 1276 1954 Samiis
1292 1914 1404 1954 uasis
1419 1913 1563 1962 utitur,

339 1987 406 2026 Ne
421 1986 510 2038 ipse
523 1986 682 2026 Genius
696 1985 905 2036 surripiat.
950 1985 1121 2036 proinde
1135 1985 1231 2024 aliis
1244 1989 1290 2023 ut
1302 1985 1443 2023 eredat
1456 1984 1562 2022 uide.

234 2057 310 2096 He.
343 2056 522 2108 Sequere
541 2057 620 2095 hae
639 2069 704 2094 me
724 2055 863 2105 igitur.
922 2056 1065 2094 eadem
1086 2067 1160 2104 ego
1180 2068 1230 2094 ex
1249 2055 1325 2093 hoo
1346 2054 1452 2105 quae
1471 2054 1566 2092 uolo

448 2125 744 2177 exquaesiuero
769 2125 1036 2177 [approaches
1062 2125 1309 2178 Tyndarus]

342 2196 613 2246 Philocrates,
634 2196 702 2234 hie
722 2195 824 2234 fecit
848 2195 1059 2234 hominem
1081 2193 1193 2244 frugi
1217 2199 1264 2233 ut
1289 2195 1425 2233 faeere
1455 2193 1567 2244 opor-

448 2266 542 2306 tuit.

187 2349 222 2376 45
342 2337 454 2376 Nam
477 2335 483 2390 Ι
509 2349 583 2386 ego
612 2348 662 2375 ex
691 2335 767 2374 hoe
797 2347 878 2385 quo
906 2335 1054 2384 genere
1088 2337 1239 2383 gnatus
1269 2333 1324 2372 sis
1355 2333 1460 2381 soio;
1501 2332 1568 2371 hio

437 2405 596 2446 fassust
616 2405 730 2443 mihi.
1511 2410 1568 2440 295

389 2484 410 2509 C
