1856 2708
276 121 328 161 30
883 128 1063 159 PLAVTI
1248 127 1331 169 [111.
1349 128 1379 159 2.
1400 127 1517 166 16-18,
1537 129 1566 159 3.
1585 127 1670 158 1-10

447 243 550 281 Dico
587 254 678 280 cum
717 254 806 281 esse
840 242 948 292 apud
979 254 1063 279 mc:
1106 241 1172 279 hic
1203 241 1412 291 extemplo
1441 246 1531 279 orat
1561 241 1671 279 obse-

555 316 736 362 cratque,

447 383 553 420 Eum
577 382 655 420 sibi
677 386 722 419 ut
752 381 874 419 liceat
902 382 1053 419 uidere.
1114 382 1217 419 iussi
1242 381 1338 419 ilico
1365 382 1473 419 hunc
1499 380 1668 419 exsolui.

553 464 661 489 nunc
684 450 866 502 [turninss
886 457 924 489 to
944 452 1266 503 Aristophontes]
1320 454 1365 489 tu
1386 462 1556 500 sequere
1577 462 1653 498 me,

448 522 505 561 Vt
543 521 651 572 quod
690 533 754 558 me
792 521 964 559 orauisti
1003 521 1211 570 impetres,
1248 532 1340 558 euni
1378 520 1587 558 hominem
1625 523 1672 557 ut

555 591 788 630 conuenias.
851 590 976 643 [They
995 603 1043 641 90
1064 591 1229 644 insida]
1616 596 1674 626 515

863 803 1021 845 SCENE
1048 803 1086 844 3.

276 933 463 975 Tyndarus
479 932 572 964 finds
590 932 734 964 himself
750 932 787 963 in
803 931 953 963 trouble.
988 931 1062 962 The
1077 931 1206 963 arrival
1223 931 1260 962 of
1277 939 1323 962 an
1339 930 1398 962 old
1415 930 1673 972 acquaintance

400 997 446 1020 on
463 988 521 1020 the
538 996 641 1019 scene
658 991 777 1027 upsets
793 986 848 1018 his
864 986 976 1026 plans.
991 986 1120 1017 —The
1137 986 1250 1018 music
1267 985 1337 1018 still
1354 986 1552 1019 continues.

866 1111 1077 1143 TYNDARVS.

438 1198 677 1250 [Tyndarus
696 1209 822 1236 comes
841 1198 1007 1247 rushz'ny
1027 1203 1092 1235 out
1112 1199 1162 1246 os
1175 1197 1338 1246 Hegyz‘o’s
1357 1197 1512 1249 house]

349 1290 414 1338 Ty.
447 1288 488 1326 N
493 1300 570 1326 unc
600 1287 707 1324 illud
738 1291 812 1336 est,
844 1298 968 1337 quom
1002 1286 1066 1324 me
1100 1286 1230 1325 fuisse
1263 1298 1388 1336 quam
1423 1286 1512 1324 esse
1544 1285 1674 1324 nimio

555 1357 749 1396 nia‘uelim
763 1372 770 1394 :

448 1429 570 1466 Nunc
592 1428 684 1478 spes
706 1439 802 1477 opes
824 1426 1062 1477 auxiliaque
1082 1438 1106 1464 a
1125 1438 1190 1464 me
1214 1427 1433 1476 segregant
1459 1425 1675 1477 spei-mint—

556 1510 634 1548 que
661 1510 714 1536 se.

450 1569 532 1606 Hic
553 1568 667 1606 illest
691 1567 790 1616 dies,
813 1579 936 1617 quom
966 1566 1083 1605 milla
1110 1566 1223 1605 uitae
1255 1566 1369 1605 meae
1399 1566 1511 1605 salus
1541 1565 1675 1617 spera-

555 1638 693 1676 bilist:

449 1709 596 1758 Neque
631 1707 804 1746 exitium
838 1707 1011 1745 exitiost
1044 1707 1177 1757 neque
1211 1707 1312 1744 adeo
1345 1718 1452 1756 spes,
1482 1706 1588 1756 quae
1616 1705 1674 1743 mi

555 1778 665 1815 hunc
684 1777 861 1828 aspellat
881 1780 1036 1814 metum
1052 1791 1059 1814 :

310 1861 326 1886 5
449 1849 538 1886 Nec
568 1847 752 1887 sfibdolis
783 1847 1009 1885 inenda'ciis
1039 1846 1144 1884 mihi
1174 1845 1348 1896 {isquam
1387 1844 1675 1884 mantelh'imst

556 1918 669 1956 meis.
1618 1923 1675 1953 520

453 1989 558 2039 (Nec
579 1987 863 2040 sycophantiis
891 1999 965 2024 nec
990 1986 1100 2025 fucis
1128 1985 1260 2024 {illum
1290 1985 1533 2024 mantellum
1565 1985 1676 2024 obui-

557 2059 697 2109 ainst.)
1390 2087 1487 2119 Ὗ

450 2128 596 2178 Neque
610 2126 844 2177 deprecatio
859 2125 1044 2177 perfidiis
1060 2125 1162 2164 meis
1178 2137 1253 2164 nec
1269 2125 1504 2164 malefactis
1519 2124 1674 2174 sugast,

451 2198 540 2236 Nec
571 2197 844 2235 confidentiae
882 2196 1057 2246 {isquam
1095 2195 1366 2246 hospitiumst
1395 2195 1469 2233 nec
1497 2194 1675 2234 deuorti-

560 2266 697 2305 cuh'im
719 2267 835 2305 dolis.

453 2338 607 2387 Operta
627 2349 730 2386 quae
752 2337 867 2374 fuere
888 2339 1032 2386 aperta
1052 2335 1159 2383 ssmt,
1182 2338 1326 2385 patent
1346 2334 1606 2385 praestigiae.

296 2419 328 2444 10
455 2406 598 2445 Omnis
620 2419 683 2444 res
705 2405 841 2456 palam
867 2405 873 2458 Ι
898 2410 982 2444 est:
1015 2405 1148 2455 neque
1172 2405 1221 2443 de
1247 2405 1324 2442 hac
1346 2416 1390 2442 re
1408 2404 1674 2453 neg6tiumst,
